<?xml version="1.0" encoding="UTF-8"?><collection xmlns="http://www.loc.gov/MARC21/slim"><record><leader>00378nam--2200133-i-4500</leader><controlfield tag="001">000011687</controlfield><controlfield tag="002">20161230</controlfield><controlfield tag="005">20161230201029</controlfield><controlfield tag="008">060222s1000------------r-----000-0-eng-d</controlfield><datafield ind1=" " ind2=" " tag="080"><subfield code="a">539.172.4.02/(016)(083)</subfield></datafield><datafield ind1=" " ind2=" " tag="245"><subfield code="a">An index to the literature on microscopic neut ron data. supplement, 1 october 1974</subfield></datafield><datafield ind1=" " ind2=" " tag="260"><subfield code="a">Vienna, Iaea, 1973. 193 P</subfield></datafield><datafield ind1=" " ind2=" " tag="490"><subfield code="a">Cinda 73</subfield></datafield><datafield ind1=" " ind2=" " tag="852"><subfield code="a">43097</subfield></datafield></record></collection>